@inproceedings{color_net,
  title={ColorNet: Investigating the importance of color spaces for image classification},
  author={Gowda, Shreyank N and Yuan, Chun},
  booktitle={Asian Conference on Computer Vision},
  pages={581--596},
  year={2018},
  organization={Springer}
}

@inproceedings{style_gan,
	title={A style-based generator architecture for generative adversarial networks},
	author={Karras, Tero and Laine, Samuli and Aila, Timo},
	booktitle={Proceedings of the IEEE conference on computer vision and pattern recognition},
	pages={4401--4410},
	year={2019}
}

@inproceedings{gan_goodfellow,
	title={Generative adversarial nets},
	author={Goodfellow, Ian and Pouget-Abadie, Jean and Mirza, Mehdi and Xu, Bing and Warde-Farley, David and Ozair, Sherjil and Courville, Aaron and Bengio, Yoshua},
	booktitle={Advances in neural information processing systems},
	pages={2672--2680},
	year={2014}
}

@inproceedings{perceptual_loss,
	title={Perceptual losses for real-time style transfer and super-resolution},
	author={Johnson, Justin and Alahi, Alexandre and Fei-Fei, Li},
	booktitle={European conference on computer vision},
	pages={694--711},
	year={2016},
	organization={Springer}
}

@inproceedings{pulse,
	title={PULSE: Self-Supervised Photo Upsampling via Latent Space Exploration of Generative Models},
	author={Menon, Sachit and Damian, Alexandru and Hu, Shijia and Ravi, Nikhil and Rudin, Cynthia},
	booktitle={Proceedings of the IEEE/CVF Conference on Computer Vision and Pattern Recognition},
	pages={2437--2445},
	year={2020}
}

@inproceedings{pytorch,
	title={Pytorch: An imperative style, high-performance deep learning library},
	author={Paszke, Adam and Gross, Sam and Massa, Francisco and Lerer, Adam and Bradbury, James and Chanan, Gregory and Killeen, Trevor and Lin, Zeming and Gimelshein, Natalia and Antiga, Luca and others},
	booktitle={Advances in neural information processing systems},
	pages={8026--8037},
	year={2019}
}

@article{sr_facial_expression,
	title={Feature Super-Resolution Based Facial Expression Recognition for Multi-scale Low-Resolution Faces},
	author={Jing, Wei and Tian, Feng and Zhang, Jizhong and Chao, Kuo-Ming and Hong, Zhenxin and Liu, Xu},
	journal={arXiv preprint arXiv:2004.02234},
	year={2020}
}

@inproceedings{sr_transposed,
	title={Accelerating the super-resolution convolutional neural network},
	author={Dong, Chao and Loy, Chen Change and Tang, Xiaoou},
	booktitle={European conference on computer vision},
	pages={391--407},
	year={2016},
	organization={Springer}
}

@article{srcnn_baseline,
	title={Image super-resolution using deep convolutional networks},
	author={Dong, Chao and Loy, Chen Change and He, Kaiming and Tang, Xiaoou},
	journal={IEEE transactions on pattern analysis and machine intelligence},
	volume={38},
	number={2},
	pages={295--307},
	year={2015},
	publisher={IEEE}
}

@inproceedings{srgan,
	title={Photo-realistic single image super-resolution using a generative adversarial network},
	author={Ledig, Christian and Theis, Lucas and Husz{\'a}r, Ferenc and Caballero, Jose and Cunningham, Andrew and Acosta, Alejandro and Aitken, Andrew and Tejani, Alykhan and Totz, Johannes and Wang, Zehan and others},
	booktitle={Proceedings of the IEEE conference on computer vision and pattern recognition},
	pages={4681--4690},
	year={2017}
}

@article{stylegan0,
	title={Progressive growing of gans for improved quality, stability, and variation},
	author={Karras, Tero and Aila, Timo and Laine, Samuli and Lehtinen, Jaakko},
	journal={arXiv preprint arXiv:1710.10196},
	year={2017}
}

@inproceedings{stylegan2,
	title={Analyzing and improving the image quality of stylegan},
	author={Karras, Tero and Laine, Samuli and Aittala, Miika and Hellsten, Janne and Lehtinen, Jaakko and Aila, Timo},
	booktitle={Proceedings of the IEEE/CVF Conference on Computer Vision and Pattern Recognition},
	pages={8110--8119},
	year={2020}
}

@article{survey_sr,
	title={Deep learning for single image super-resolution: A brief review},
	author={Yang, Wenming and Zhang, Xuechen and Tian, Yapeng and Wang, Wei and Xue, Jing-Hao and Liao, Qingmin},
	journal={IEEE Transactions on Multimedia},
	volume={21},
	number={12},
	pages={3106--3121},
	year={2019},
	publisher={IEEE}
}

@article{vgg,
	title={Very deep convolutional networks for large-scale image recognition},
	author={Simonyan, Karen and Zisserman, Andrew},
	journal={arXiv preprint arXiv:1409.1556},
	year={2014}
}
