@inproceedings{karras2019style,
  title={A style-based generator architecture for generative adversarial networks},
  author={Karras, Tero and Laine, Samuli and Aila, Timo},
  booktitle={Proceedings of the IEEE Conference on Computer Vision and Pattern Recognition},
  pages={4401--4410},
  year={2019}
}

@misc{johnson2016perceptual,
	title={Perceptual Losses for Real-Time Style Transfer and Super-Resolution},
	author={Justin Johnson and Alexandre Alahi and Li Fei-Fei},
	year={2016},
	eprint={1603.08155},
	archivePrefix={arXiv},
	primaryClass={cs.CV}
}

@article{dong2015image,
	title={Image super-resolution using deep convolutional networks},
	author={Dong, Chao and Loy, Chen Change and He, Kaiming and Tang, Xiaoou},
	journal={IEEE transactions on pattern analysis and machine intelligence},
	volume={38},
	number={2},
	pages={295--307},
	year={2015},
	publisher={IEEE}
}

@misc{jing2020feature,
	title={Feature Super-Resolution Based Facial Expression Recognition for Multi-scale Low-Resolution Faces},
	author={Wei Jing and Feng Tian and Jizhong Zhang and Kuo-Ming Chao and Zhenxin Hong and Xu Liu},
	year={2020},
	eprint={2004.02234},
	archivePrefix={arXiv},
	primaryClass={cs.CV}
}